<record><leader>00000cas a22000007a 4500</leader><controlfield tag="001">27347570</controlfield><controlfield tag="008">930129d18891889maudn ne      0    0eng d</controlfield><datafield ind1=" " ind2=" " tag="010"><subfield code="a">sn 93058732 </subfield><subfield code="z">   93058732 </subfield></datafield><datafield ind1=" " ind2=" " tag="040"><subfield code="a">MGN</subfield><subfield code="b">eng</subfield><subfield code="c">MGN</subfield><subfield code="d">DLC</subfield><subfield code="d">MGN</subfield><subfield code="d">OCLCQ</subfield></datafield><datafield ind1=" " ind2=" " tag="042"><subfield code="a">msc</subfield></datafield><datafield ind1="0" ind2="4" tag="245"><subfield code="a">The Daily Nantucket journal.</subfield></datafield><datafield ind1=" " ind2=" " tag="260"><subfield code="a">Nantucket, Mass. :</subfield><subfield code="b">[Arthur H. Garder]</subfield></datafield><datafield ind1=" " ind2=" " tag="300"><subfield code="a">v.</subfield></datafield><datafield ind1=" " ind2=" " tag="310"><subfield code="a">Daily (except Sun.)</subfield></datafield><datafield ind1=" " ind2=" " tag="500"><subfield code="a">Published in July and Aug. with special correspondents' reports from the villages of Siasconset and Wauwinet.</subfield></datafield><datafield ind1=" " ind2=" " tag="580"><subfield code="a">Weekly ed.: Nantucket journal (Nantucket, Mass. : 1878).</subfield></datafield><datafield ind1=" " ind2=" " tag="588"><subfield code="a">Description based on: Vol. 1, no. 6 (July 9, 1889).</subfield></datafield><datafield ind1=" " ind2=" " tag="752"><subfield code="a">United States</subfield><subfield code="b">Massachusetts</subfield><subfield code="c">Nantucket</subfield><subfield code="d">Nantucket.</subfield></datafield><datafield ind1="1" ind2=" " tag="775"><subfield code="t">Nantucket journal (Nantucket, Mass. : 1878)</subfield><subfield code="w">(DLC)sn 93058737</subfield></datafield></record>